@article{kruchten1995,
  author    = {Philippe Kruchten},
  title     = {Architectural Blueprints—The “4+1” View Model of Software Architecture},
  journal   = {IEEE Software},
  year      = {1995},
  volume    = {12},
  number    = {6},
  pages     = {42--50},
  doi       = {10.1109/52.469759},
}

@Misc{spinellis:latexadvice,
  Author="Diomidis Spinellis",
  Title="Advice for writing LaTeX documents",
  URL="https://github.com/dspinellis/latex-advice/",
  Type="Repository",
  Year="2022",
}

